@book{nlpwithpython,
  title={Natural Language Processing with Python: Analyzing Text with the Natural Language Toolkit},
  author={Bird, S. and Klein, E. and Loper, E.},
  isbn={9780596555719},
  lccn={2010455716},
  url={https://books.google.ru/books?id=KGIbfiiP1i4C},
  year={2009},
  publisher={O'Reilly Media}
}

@article{nlpandcl,
    author = {Tsujii, Junichi},
    title = "{Natural Language Processing and Computational Linguistics}",
    journal = {Computational Linguistics},
    volume = {47},
    number = {4},
    pages = {707-727},
    year = {2021},
    month = {12},
    issn = {0891-2017},
    doi = {10.1162/coli_a_00420},
    url = {https://doi.org/10.1162/coli\_a\_00420},
    eprint = {https://direct.mit.edu/coli/article-pdf/47/4/707/1979478/coli\_a\_00420.pdf},
}

@book{realworldnlp,
  title={Real-World Natural Language Processing: Practical Applications with Deep Learning},
  author={Hagiwara, M.},
  isbn={9781617296420},
  lccn={2021289994},
  url={https://books.google.ru/books?id=Ok5NEAAAQBAJ},
  year={2021},
  publisher={Manning}
}

@book{practicalnlp,
  title={Practical Natural Language Processing: A Comprehensive Guide to Building Real-World NLP Systems},
  author={Vajjala, S. and Majumder, B.},
  isbn={9781492054009},
  url={https://books.google.ru/books?id=hPrrDwAAQBAJ},
  year={2020},
  publisher={O'Reilly Media}
}

@article{esperantoasnl,
  author = {Stria, Ida},
  year = {2015},
  month = {01},
  pages = {},
  title = {Esperanto as a Natural Language},
  volume = {10},
  journal = {Język. Komunikacja. Informacja}
}

@book{firth,
  title={A Synopsis of Linguistic Theory, 1930-1955},
  author={Firth, J.R.},
  url={https://books.google.ru/books?id=T8LDtgAACAAJ},
  year={1957}
}


@article{harris,
author = {Zellig S. Harris},
title = {Distributional Structure},
journal = {WORD},
volume = {10},
number = {2-3},
pages = {146-162},
year  = {1954},
publisher = {Routledge},
doi = {10.1080/00437956.1954.11659520},

URL = { 
        https://doi.org/10.1080/00437956.1954.11659520
    
},
eprint = { 
        https://doi.org/10.1080/00437956.1954.11659520
    
}

}

@article{boleda,
  author    = {Gemma Boleda},
  title     = {Distributional Semantics and Linguistic Theory},
  journal   = {CoRR},
  volume    = {abs/1905.01896},
  year      = {2019},
  url       = {http://arxiv.org/abs/1905.01896},
  eprinttype = {arXiv},
  eprint    = {1905.01896},
  timestamp = {Mon, 27 May 2019 13:15:00 +0200},
  biburl    = {https://dblp.org/rec/journals/corr/abs-1905-01896.bib},
  bibsource = {dblp computer science bibliography, https://dblp.org}
}

@inbook{representinginvsandbeyond,
author = {Wang, Benyou and Di Buccio, Emanuele and Melucci, Massimo},
year = {2019},
month = {09},
pages = {83-113},
title = {Representing Words in Vector Space and Beyond},
isbn = {978-3-030-25912-9},
doi = {10.1007/978-3-030-25913-6_5}
}

@article{ahireintro,
  title={Introduction to Word Vectors},
  author={Ahire, Jayesh Bapu},
  journal={Retrieved March},
  volume={12},
  pages={2018},
  year={2018}
}

@book{lane2019natural,
  title={Natural Language Processing in Action: Understanding, analyzing, and generating text with Python},
  author={Lane, H. and Hapke, H. and Howard, C.},
  isbn={9781617294631},
  lccn={2019285125},
  url={https://books.google.ru/books?id=UyHgswEACAAJ},
  year={2019},
  publisher={Manning Publications}
}

@book{mitchell2015web,
  title={Web Scraping with Python: Collecting Data from the Modern Web},
  author={Mitchell, R.},
  isbn={9781491910290},
  lccn={2016304154},
  url={https://books.google.ru/books?id=v\_k6jwEACAAJ},
  year={2015},
  publisher={O'Reilly Media}
}

@book{nimiale,
  author   = {Moniz, C. Ryan, van Der Meulen},
  title    = {Nimi Ale Pona. 2nd ed.},
  url      = {https://docs.google.com/spreadsheets/d/1t-pjAgZDyKPXcCRnEdATFQOxGbQFMjZm-8EvXiQd2Po/edit?usp=sharing},
  year     = {2020}
}

@misc{pistocop,
  editor = {pistocop},
  title = {subreddit-comments-dl},
  year = {2022},
  publisher = {GitHub},
  journal = {GitHub repository},
  url = {https://github.com/pistocop/subreddit-comments-dl},
}

@book{phoible,
  address   = {Jena},
  editor    = {Moran, S. and McCloy, D.},
  publisher = {Max Planck Institute for the Science of Human History},
  title     = {PHOIBLE 2.0},
  url       = {https://phoible.org/},
  year      = {2019}
}

@article{panphon,
  author    = {David R. Mortensen},
  title     = {PanPhon: {A} Resource for Mapping {IPA} Segments to Articulatory Feature Vectors},
  booktitle = {Proceedings of {COLING} 2016, the 26th International Conference on Computational Linguistics: Technical Papers},
  pages     = {3475--3484},
  publisher = {{ACL}},
  year      = {2016},
  url       = {https://github.com/dmort27/panphon},
}

@article{levenshtein,
author = {Haldar, Rishin and Mukhopadhyay, Debajyoti},
year = {2011},
month = {01},
pages = {},
title = {Levenshtein Distance Technique in Dictionary Lookup Methods: An Improved
Approach},
journal = {Computing Research Repository - CORR}
}

@article{levenorig,
author = {В. И. Левенштейн},
title = {Двоичные коды с исправлением выпадений, вставок и замещений символов},
journal = {Докл. АН СССР},
year = {1965},
volume = {163},
issue = {4},
pages = {845--848},
}

@article{erkkatrin,
author = {Erk, Katrin},
year = {2012},
month = {10},
pages = {},
title = {Vector Space Models of Word Meaning and Phrase Meaning: A Survey},
volume = {6},
journal = {Language and Linguistics Compass},
doi = {10.1002/lnco.362}
}

@article{yarlett,
author = {Yarlett, Daniel and Ramscar, Michael and Dye, Melody},
year = {2008},
month = {01},
pages = {},
title = {Language Learning Through Similarity-Based Generalization}
}
@article{mcdonald,
author = {Mcdonald, Scott},
year = {2008},
month = {07},
pages = {},
title = {Testing the distributional hypothesis: The influence of context on judgements of semantic similarity}
}

@misc{emerson,
  doi = {10.48550/ARXIV.2005.02982},
  
  url = {https://arxiv.org/abs/2005.02982},
  
  author = {Emerson, Guy},
  
  keywords = {Computation and Language (cs.CL), FOS: Computer and information sciences, FOS: Computer and information sciences},
  
  title = {What are the Goals of Distributional Semantics?},
  
  publisher = {arXiv},
  
  year = {2020},
  
  copyright = {arXiv.org perpetual, non-exclusive license}
}

@article{erkkatrin2,
  title={What do you know about an alligator when you know the company it keeps},
  author={Katrin Erk},
  journal={Semantics and Pragmatics},
  year={2016},
  volume={9}
}

@inproceedings{baroni,
  author = {Baroni, Marco and Dinu, Georgiana and Kruszewski, Germán},
  year = {2014},
  month = {06},
  pages = {238-247},
  title = {Don't count, predict! A systematic comparison of context-counting vs. context-predicting semantic vectors},
  volume = {1},
  journal = {52nd Annual Meeting of the Association for Computational Linguistics, ACL 2014 - Proceedings of the Conference},
  doi = {10.3115/v1/P14-1023}
}

@article{oduntan,
  author = {Oduntan, Odunayo and Adeyanju, Olumide},
  year = {2018},
  month = {07},
  pages = {4198-4204},
  title = {A Comparative Analysis of Euclidean Distance and Cosine Similarity Measure for Automated Essay-Type Grading},
  volume = {13},
  journal = {Journal of Engineering and Applied Sciences},
  doi = {10.3923/jeasci.2018.4198.4204}
}

@article{lenci,
author = {Lenci, Alessandro},
year = {2018},
month = {02},
pages = {},
title = {Distributional Models of Word Meaning},
volume = {4},
journal = {Annual Review of Linguistics},
doi = {10.1146/annurev-linguistics-030514-125254}
}

@book{pu,
  title={Toki Pona: The Language of Good},
  author={Lang, S.},
  isbn={9780978292300},
  lccn={2003461627},
  url={https://books.google.ru/books?id=5P0ZjwEACAAJ},
  year={2014},
  publisher={Sonja Lang}
}

@unknown{venkat,
author = {Venkat, Naveen},
year = {2018},
month = {09},
pages = {},
title = {The Curse of Dimensionality: Inside Out},
doi = {10.13140/RG.2.2.29631.36006}
}

@inproceedings{bengio,
author = {Bengio, Y. and Ducharme, Réjean and Vincent, Pascal},
year = {2000},
month = {01},
pages = {932-938},
title = {A Neural Probabilistic Language Model},
volume = {3},
journal = {Journal of Machine Learning Research},
doi = {10.1162/153244303322533223}
}

@article{mikolov,
author = {Mikolov, Tomas and Chen, Kai and Corrado, Greg},
year = {2013},
month = {01},
pages = {},
title = {Efficient Estimation of Word Representations in Vector Space},
volume = {2013},
journal = {Proceedings of Workshop at ICLR}
}


@article{iso,
  author = {Meulen, Spencer van der},
  year = {2021},
  month = {08},
  pages = {},
  title = {Request for New Language Code Element in ISO 639-3},
  volume = {2021},
  journal = {ISO 639-3 Registration Authority}
}

@article{bekkerman,
author = {Bekkerman, Ron and El-Yaniv, Ran and Tishby, Naftali},
year = {2003},
month = {03},
pages = {1183-1208},
title = {Distributional Word Clusters vs. Words for Text Categorization},
volume = {3},
journal = {Journal of Machine Learning Research},
doi = {10.1162/153244303322753625}
}

@article{henestroza,
author = {Henestroza Anguiano, Enrique and Denis, Pascal},
year = {2011},
month = {06},
pages = {},
title = {FreDist: Automatic construction of distributional thesauri for French}
}

@inproceedings{musto,
author = {Musto, Cataldo and Narducci, Fedelucio and Basile, Pierpaolo},
year = {2011},
month = {09},
pages = {250-261},
title = {Cross-Language Information Filtering: Word Sense Disambiguation vs. Distributional Models},
volume = {6934},
isbn = {978-3-642-23953-3},
doi = {10.1007/978-3-642-23954-0_24}
}

@article{silva,
  title={Query Expansion in Text Information Retrieval with Local Context and Distributional Model.},
  author={da Silva, Fabiano Tavares and Maia, Jos{\'e} EB},
  journal={J. Digit. Inf. Manag.},
  volume={17},
  number={6},
  pages={313},
  year={2019}
}

@book{dalianis,
  title={Clinical text mining: Secondary use of electronic patient records},
  author={Dalianis, Hercules},
  year={2018},
  publisher={Springer Nature}
}

@article{desouki,
  title={Exploring the recent trends of paraphrase detection},
  author={El Desouki, Mohamed I and Gomaa, Wael H},
  journal={International Journal of Computer Applications},
  volume={975},
  number={S 8887},
  year={2019}
}

@inproceedings{alshari,
  title={Improvement of sentiment analysis based on clustering of Word2Vec features},
  author={Alshari, Eissa M and Azman, Azreen and Doraisamy, Shyamala},
  booktitle={2017 28th international workshop on database and expert systems applications (DEXA)},
  pages={123--126},
  year={2017},
  organization={IEEE}
}

@book{punske,
  title={Language Invention in Linguistics Pedagogy},
  author={Punske, A.P.D.L.J. and Punske, J. and Sanders, A.P.D.L.N.},
  isbn={9780198829874},
  url={https://books.google.ru/books?id=YYLxDwAAQBAJ},
  year={2020},
  publisher={Oxford University Press}
}

@book{wilkins,
  title={An Essay Towards a Real Character, and a Philosophical Language},
  author={Wilkins, J.},
  url={https://books.google.ru/books?id=BCCtZjBtiEYC},
  year={1668},
  publisher={Sa: Gellibrand, and for John Martyn printer to the Royal Society}
}

@inbook{sanders,
author = {Sanders, Nathan},
year = {2020},
month = {08},
pages = {6-26},
title = {A primer on constructed languages},
isbn = {9780198829874},
doi = {10.1093/oso/9780198829874.003.0002}
}

@article{jazayeri,
title={An Easy Way to Become a Polyglot},
author={Jazayeri, Mehrdad},
year={2021},
publisher={KURMANJ, THE JOURNAL OF CULTURE, HUMANITIES AND SOCIAL SCIENCE}
}

@book{okrent,
  title={In the Land of Invented Languages: Adventures in Linguistic Creativity, Madness, and Genius},
  author={Okrent, A.},
  isbn={9780812980899},
  lccn={2008038732},
  series={Spiegel \& Grau trade paperbacks},
  url={https://books.google.ru/books?id=3anWeY0G2moC},
  year={2010},
  publisher={Random House Publishing Group}
}


@book{williams,
  title={Ireland's Immortals: A History of the Gods of Irish Myth},
  author={Williams, M.},
  isbn={9781400883325},
  url={https://books.google.ru/books?id=o5cTDAAAQBAJ},
  year={2016},
  publisher={Princeton University Press}
}

@inproceedings{higley,
  title={Sarah Higley, Hildegard of Bingen's Unknown Language: An Edition, Translation and Discussion.(The New Middle Ages series.) Palgrave Macmillan, 2007},
  author={Straubhaar, Sandra Ballif},
  booktitle={Medieval Feminist Forum: A Journal of Gender and Sexuality},
  volume={44},
  number={2},
  pages={158--161},
  year={2008},
  organization={Society for Medieval Feminist Scholarship}
}

@book{eco,
  title={The search for the perfect language},
  author={Eco, Umberto},
  year={1995},
  publisher={Search}
}

@book{stria,
author = {Stria, Ida},
year = {2016},
month = {01},
pages = {},
title = {Inventing languages, inventing worlds. Towards a linguistic worldview for artificial languages},
isbn = {978-83-947609-1-5},
doi = {10.14746/9788394760915}
}

@book{couturat,
  title={Histoire de La Langue Universelle (1903)},
  author={Couturat, L. and Leau, L.},
  isbn={9781498147248},
  url={https://books.google.ru/books?id=s2\_poQEACAAJ},
  year={2014},
  publisher={Literary Licensing, LLC}
}

@book{janton,
  title={Esperanto: Language, Literature, and Community},
  author={Janton, P. and Tonkin, H. and Edwards, J.},
  isbn={9781438407807},
  lccn={91042318},
  url={https://books.google.sk/books?id=R\_ZGfG2a1tIC},
  year={1993},
  publisher={State University of New York Press}
}

@inbook{kennaway,
author = {Kennaway, Richard},
year = {2013},
month = {05},
pages = {},
title = {Artificial Languages},
isbn = {978-0-415-42432-5}
}

@article{gobbo,
author = {Gobbo, Federico},
year = {2012},
month = {09},
pages = {},
title = {Alan Turing creator of Artificial Languages},
volume = {3},
journal = {InKoj},
doi = {10.13130/2037-4550/2385}
}

@misc {reed,
      author = "Alan Reed Libert",
      title = "Artificial Languages",
      year = "2018",
      month = "06",
      publisher = "Oxford University Press",
      doi = "10.1093/acrefore/9780199384655.013.11",
      url = "https://oxfordre.com/linguistics/view/10.1093/acrefore/9780199384655.001.0001/acrefore-9780199384655-e-11"
}

@article{bianco,
  title={Invented languages and new worlds},
  volume={20},
  DOI={10.1017/S0266078404002032},
  number={2},
  journal={English Today},
  publisher={Cambridge University Press},
  author={Lo Bianco, Joseph},
  year={2004},
  pages={8–18}
}



@book{lyons,
  title={Natural Language and Universal Grammar: Volume 1: Essays in Linguistic Theory},
  author={Lyons, J.},
  isbn={9780521246965},
  lccn={91019738},
  series={African Studies Series},
  url={https://books.google.ru/books?id=yKDa40KtY8EC},
  year={1991},
  publisher={Cambridge University Press}
}
