






@article{doi:10.1080/00437956.1954.11659520,
author = {Zellig S. Harris},
title = {Distributional Structure},
journal = {<i>WORD</i>},
volume = {10},
number = {2-3},
pages = {146-162},
year  = {1954},
publisher = {Routledge},
doi = {10.1080/00437956.1954.11659520},

URL = { 
        https://doi.org/10.1080/00437956.1954.11659520
    
},
eprint = { 
        https://doi.org/10.1080/00437956.1954.11659520
    
}

}


